<?xml version="1.0" encoding="UTF-8"?><collection xmlns="http://www.loc.gov/MARC21/slim"><record><leader>00631nam--2200205-u-4500</leader><controlfield tag="001">000054209</controlfield><controlfield tag="002">20161230</controlfield><controlfield tag="005">20161230201051</controlfield><controlfield tag="008">110916s1000------------r-----000-0-eng-d</controlfield><datafield ind1=" " ind2=" " tag="020"><subfield code="a">1859961215</subfield></datafield><datafield ind1=" " ind2=" " tag="040"><subfield code="a">IFIN-HH</subfield></datafield><datafield ind1=" " ind2=" " tag="080"><subfield code="a">535.82(06)</subfield></datafield><datafield ind1="1" ind2=" " tag="100"><subfield code="a">Bradbury, Savile</subfield></datafield><datafield ind1="1" ind2="0" tag="245"><subfield code="a">Introduction to light microscopy</subfield><subfield code="b">Microscopy handbooks 42</subfield><subfield code="c">Savile bradbury, brian bracegirdle</subfield></datafield><datafield ind1=" " ind2=" " tag="260"><subfield code="a">Oxford</subfield><subfield code="b">Bios Scientific Publishers Limited</subfield><subfield code="c">1998</subfield></datafield><datafield ind1=" " ind2=" " tag="300"><subfield code="a">123P</subfield></datafield><datafield ind1=" " ind2=" " tag="490"><subfield code="a">Royal Microscopical Society Microscopy Handbooks 42</subfield></datafield><datafield ind1="1" ind2=" " tag="700"><subfield code="a">Bracegirdle, Brian</subfield></datafield><datafield ind1=" " ind2=" " tag="852"><subfield code="a">81205</subfield><subfield code="c">537.533.35</subfield></datafield><datafield ind1=" " ind2=" " tag="CAT"><subfield code="a">Sys</subfield><subfield code="c">20110916</subfield><subfield code="h">103707</subfield></datafield></record></collection>